This file was created with JabRef 2.0.
Encoding: UTF-8

@ARTICLE{Altuzarra2013,
  author = {Oscar Altuzarra and Oscar Salgado and Charles Pinto and Alfonso Hern\'andez},
  title = {Analytical determination of the principal screws for general screws systems},
  year = {2013},
  owner = {jackmaster},
  journal = {Mechanism and Machine Theory},
  timestamp = {2014.04.28},
}

@ARTICLE{Alvarado2014a,
  author = {Garzon-Alvarado, Diego A. and Linero-Segrera, Dorian L. and Duque-Daza Carlos A.},
  title = {Turning patterm formation on periodic geometrical figures with continuous growing: numerical experiments},
  year = {2014},
  journal = {Computer Applied Mathematics},
  owner = {jackmaster},
  timestamp = {2014.04.28},
}

@ARTICLE{Amir2013,
  author = {Muhammad Amir and Michael J Pont},
  title = {Improving flexibility and fault-management in {C}{A}{N}-based Shared-Clock architectures},
  year = {2013},
  journal = {Microprocessors and Microsystems},
  owner = {jackmaster},
  timestamp = {2014.04.28},
}

@ARTICLE{Anzalone2013,
  author = {Gerald C Anzalone and Chenlong Zhang},
  title = {A low-cost open-source metal 3{D} printer},
  year = {2013},
  journal = {IEEE Access practical innovations: Open Solutions},
  owner = {jackmaster},
  timestamp = {2014.04.28},
}

@ARTICLE{Aoustin2013,
  author = {Yannick Aoustin and Arnoud Hamon},
  title = {Human like trajectory generation for a biped robot with a four-bar linkage for the knees},
  year = {2013},
  journal = {Robotics and Autonomous Systems},
  owner = {jackmaster},
  timestamp = {2014.04.28},
}

@INPROCEEDINGS{Barker2010,
  author = {Barker, O and Beranke, R. and Ahmadi, M.},
  title = {Design of a 13 degree of freedom biped robot with a {C}{A}{N}-based distributed digital control system},
  year = {2010},
  booktitle = {2010 IEEE/ASME International Conference on Advance Intelligent Mechatronics},
  owner = {jackmaster},
  timestamp = {2014.04.28},
}

@ARTICLE{Borras2014,
  author = {Julia Borras and Aaron M Dollar},
  title = {Analyzing dexterous hands using a parallel robots framwork},
  year = {2014},
  journal = {Auton. Robot},
  owner = {jackmaster},
  timestamp = {2014.04.28},
}

@ARTICLE{Bououden2014,
  author = {S Bououden and F Abdessemed},
  title = {Walking control for a planar biped robot using 0-flat normal form},
  year = {2014},
  journal = {Robotics and Autonomous Systems},
  owner = {jackmaster},
  timestamp = {2014.04.28},
}

@BOOK{Braham2014,
  author = {Choukchou-Braham, Amal and Cherki, Brahim and Djemai, Mohamed and Busawon, Krishna},
  title = {Analysis and Control of Underactuated Mechanical Systems},
  year = {2014},
  publisher = {Springer},
  owner = {jackmaster},
  timestamp = {2014.04.28},
}

@BOOK{Carbone2013,
  editor = {Carbone},
  title = {Grasping in Robotics},
  year = {2013},
  publisher = {Springer},
  volume = {10},
  series = {Mechanisms and Machine Science},
  owner = {jackmaster},
  timestamp = {2014.04.28},
}

@ARTICLE{Chiang2013,
  author = {Ming-Hsun Chiang and Fan-Ren Chang},
  title = {Anthropomorphic design of the human-like walking robot},
  year = {2013},
  journal = {Bionic Engineering},
  owner = {jackmaster},
  timestamp = {2014.04.28},
}

@BOOK{Cokcan2012,
  editor = {Brell-Cokcan, Sigrid and Braumann, Johannes},
  title = {{R}{O}{B}-{A}{R}{C}{H}: Robotic fabrication in Architecture, Art and Design},
  year = {2012},
  publisher = {Springer-Verlag/Wien},
  owner = {jackmaster},
  timestamp = {2014.04.28},
}

@ARTICLE{Dou2013,
  author = {Haibin Dou and Shaoping Wang},
  title = {Robust adaptive motion-force control for motion synchronization of multiple uncertain two-link manipulators},
  year = {2013},
  journal = {Mechanism and Machine Theory},
  owner = {jackmaster},
  timestamp = {2014.04.28},
}

@INPROCEEDINGS{Ekiz1996,
  author = {Ekiz, H. and Kutlu, A. and Powner, E.T.},
  title = {Design and Implementation of a {C}{A}{N}-{C}{A}{N} bridge},
  year = {1996},
  booktitle = {Parallel Architectures, Algorithms, and Networks, 1996.},
  owner = {jackmaster},
  timestamp = {2014.04.28},
}

@INPROCEEDINGS{Englsberger2011,
  author = {Englsberger, Johannes and Ott, Christian and Roa, Maximo A.},
  title = {Bipedal walking control based on Capture Point dynamics},
  year = {2011},
  booktitle = {2011 IEEE/RSJ International Conference on Intelligent Robots and SYstems},
  owner = {jackmaster},
  timestamp = {2014.04.28},
}

@ARTICLE{Farzaneh2014,
  author = {Yadollah Farzaneh and Alireza Akbarzadeh and Ali Akbar Akbari},
  title = {Online bio-inspired trajectory generation of seven-link biped robot based onT-S fuzzy system},
  year = {2014},
  journal = {Applied Soft Computing},
  owner = {jackmaster},
  timestamp = {2014.04.28},
}

@ARTICLE{Gritli2013,
  author = {Gritli, Hassene and Khraief, Nahla and Belghith, Safya},
  title = {Chaos control in passive walking dynamics of a compass-gait model},
  year = {2013},
  journal = {Commun Nonlinear Sci Numer Simulat},
  owner = {jackmaster},
  timestamp = {2014.04.28},
}

@INPROCEEDINGS{Guan2009,
  author = {Guan, Yisheng and Jiang, Li and Zhang, Xianmin and Qiu, Jacky and Zhou, Xuefeng},
  title = {1-{D}o{F} robotic joint modules and their applications in new robotic systems},
  booktitle = {2009 IEEE International Conference on Robotics and Biomimetics},
  year = {2009},
  owner = {jackmaster},
  timestamp = {2014.04.28},
}

@INPROCEEDINGS{Heffernan2001,
  author = {Heffernan, D. and Bohannon, A.},
  title = {Real-time design in a distributed control network application layer environment},
  year = {2001},
  booktitle = {2001 IEE Software},
  owner = {jackmaster},
  timestamp = {2014.04.28},
}

@INPROCEEDINGS{Heredia2007,
  author = {Ramirez Heredia, R.E. and Naranjo Ocampo, A.R. and Roa Garzon, M.A.},
  title = {Modelado y simulacion de un caminador bipedo equilibrado por contrapeso},
  year = {2007},
  booktitle = {8vo Congreso iberoamericano de ingenieria mec\'anica},
  owner = {jackmaster},
  timestamp = {2014.04.28},
}

@ARTICLE{Hobon2014,
  author = {Hobon, M. and Lakbakbi Elyaaqoubi, N. and Abba, G.},
  title = {Quasi optimal sagittal gait of a biped robot with a new structure of knee joint},
  year = {2014},
  journal = {Robotics and Autonomous Systems},
  owner = {jackmaster},
  timestamp = {2014.04.28},
}

@INPROCEEDINGS{Ishida2004,
  author = {Ishida},
  title = {Development of sensor system of a small biped entertainment robot},
  year = {2004},
  booktitle = {2004 IEEE International Conference on Robotics \& Automation},
  owner = {jackmaster},
  timestamp = {2014.04.28},
}

@INPROCEEDINGS{Janet1999,
  author = {J A Janet},
  title = {Using control networks for distributed robotic systems},
  year = {1999},
  booktitle = {1999 IEEE International Conference on Robotics \& Automation},
  owner = {jackmaster},
  timestamp = {2014.04.28},
}

@ARTICLE{Kang2013,
  author = {Kang, Hao-Bo and Wang, Jian-Hui},
  title = {Adaptive control 5-{D}o{F} upper-limb exoskeleton robot with improved safety},
  year = {2013},
  journal = {ISA Transactions},
  owner = {jackmaster},
  timestamp = {2014.04.28},
}

@ARTICLE{Kherici2014,
  author = {Kherici, Nada and Yamina Mohamed Ben Ali},
  title = {Using {P}{S}{O} for a walk of a biped robot},
  year = {2014},
  journal = {Journal of Computational Science},
  owner = {jackmaster},
  timestamp = {2014.04.28},
}

@INPROCEEDINGS{Kimm2012,
  author = {Kimm, Haklin},
  title = {Distributed event-triggered robot control system over controller area network},
  year = {2012},
  booktitle = {2012 IEEE Internationa Conference on Industrial Technology (ICIT)},
  owner = {jackmaster},
  timestamp = {2014.04.28},
}

@BOOK{Kormanyos2013,
  author = {Kormanyos},
  title = {Real-{T}ime {C}++: Efficient Object-Oriented and Template Microcontroller Programming},
  year = {2013},
  publisher = {Springer},
  owner = {jackmaster},
  timestamp = {2014.04.28},
}

@INPROCEEDINGS{Lee2001,
  author = {Lee, Hong-Hee and Jeong, Ui-Hurn},
  title = {Design of distributed scheduler on {C}{A}{N} for Real-Time Networking},
  year = {2001},
  booktitle = {KORUS '01 The fifth Russian-Corean International Symposium on Science and Technology},
  owner = {jackmaster},
  timestamp = {2014.04.28},
}

@INPROCEEDINGS{Li2008,
  author = {Li, Jianxi and Huang, Qiang and Zhang, Weimin and Yu, Zhangguo and Li, Kejie},
  title = {Flexible foot design for a humanoid robot},
  year = {2008},
  owner = {jackmaster},
  booktitle = {IEEE International Conference on Automation and Logistics},
  timestamp = {2014.04.28},
}

@ARTICLE{Lim2014,
  author = {Lim, In-sik and Kwon, Ohung and Park, Jong Hyeon},
  title = {Gait optimization of biped robots based on human motion analysis},
  year = {2014},
  journal = {Robotics and Autonomous Systems},
  owner = {jackmaster},
  timestamp = {2014.04.28},
}

@INBOOK{M2013,
  author = {Roa, Maximo A. and Ott, Christian},
  title = {Balance and posture control for biped robots},
  year = {2013},
  publisher = {Springer-Vienna},
  pages = {pp 129-143},
  chapter = {8},
  owner = {jackmaster},
  timestamp = {2014.04.28},
}

@INBOOK{M2005,
  author = {Roa, M.A. and Ramirez-Heredia, R.E. and Garzon, D.A.},
  title = {Development of biped robots at the {N}ational {U}niversity of {C}olombia},
  year = {2005},
  publisher = {Springer Berlin Heidelberg},
  pages = {pp 357-364},
  owner = {jackmaster},
  timestamp = {2014.04.28},
}

@INBOOK{M2005a,
  author = {M Roa, Ramirez-Heredia},
  title = {Extensive modeling of a 3 {D}o{F} passive dynamic walker},
  year = {2005},
  publisher = {Springer Berlin Heidelberg},
  pages = {pp 349-356},
  owner = {jackmaster},
  timestamp = {2014.04.28},
}

@ARTICLE{Mahmoodabadi2014,
  author = {Mahmoodabadi, M.J. and Taherkhorsandi, M. and Bagheri, A.},
  title = {Optimal robust sliding mode tracking control of a biped robot based on ingenious multi-objective {P}{S}{O}},
  year = {2014},
  journal = {Neurocomputing},
  owner = {jackmaster},
  timestamp = {2014.04.28},
}

@ARTICLE{Mahmoodi2013,
  author = {Mahmoodi, P and Ransing, R.S. and Friswell, M.I.},
  title = {Modelling the effect of 'heel to toe' roll-over contact on the walking dynamics of passive biped robots},
  year = {2013},
  journal = {Applied Mathematical Modelling},
  owner = {jackmaster},
  timestamp = {2014.04.28},
}

@ARTICLE{Mattar2013,
  author = {Mattar, Ebrahim},
  title = {A survey of bio-inspired robotics hand implementation: New directions in dexterous manipulation},
  year = {2013},
  journal = {Robotics and Aoutonomous Systems},
  owner = {jackmaster},
  timestamp = {2014.04.28},
}

@ARTICLE{Matveev2013,
  author = {Matveev, A.S. and Hoy, M.C. and Savkin, A.V.},
  title = {A method for reactive navigation of nonholonomic under-actuated robots in maze-like environments},
  year = {2013},
  journal = {Automatica},
  owner = {jackmaster},
  timestamp = {2014.04.28},
}

@INPROCEEDINGS{Ott2011,
  author = {Ott, Christian and Roa, Maximo A. and Hirzinger, Gerd},
  title = {Posture and balance control for biped robots based on contact force optimization},
  year = {2011},
  booktitle = {IEEE-RAS International Conference on Humanoid Robots},
  owner = {jackmaster},
  timestamp = {2014.04.28},
}

@INPROCEEDINGS{Pan2010,
  author = {Pan, Y.-J. and Nian, H.-T.},
  title = {The development of microsystems device based on wireless sensor network},
  year = {2010},
  booktitle = {2010 Internationa Symposium on Computer Communication Control and Automation (3{C}{A})},
  owner = {jackmaster},
  timestamp = {2014.04.28},
}

@ARTICLE{Roa2006,
  author = {Vargas, F. and Ramirez, A. and Garzon,D. and Roa, M.},
  title = {Modeling of human gait by means of dynamic software and inverse kinematics: An Approach for design of prosthesis},
  year = {2006},
  journal = {Journal of Biomechanics},
  owner = {jackmaster},
  timestamp = {2014.04.28},
}

@ARTICLE{Roy2013,
  author = {Roy, Shibendu Shekhar},
  title = {Dynamic modeling, stability and energy consumption analysis of a realistic six-legged walking robot},
  year = {2013},
  journal = {Robotics ans Computer-Integrated Manufacturing},
  owner = {jackmaster},
  timestamp = {2014.04.28},
}

@BOOK{Seifried2014,
  author = {Seifried},
  title = {Dynamics of Underactuated Multibody Systems: Modeling, control and optimal design},
  year = {2014},
  publisher = {Springer},
  owner = {jackmaster},
  timestamp = {2014.04.28},
}

@ARTICLE{Siripala2013,
  author = {Siripala, P.J. and Sekercioglu, Y. Ahmet},
  title = {A generalised solution for generating stepper motor spedd profiles in real time},
  year = {2013},
  journal = {Mechatronics},
  owner = {jackmaster},
  timestamp = {2014.04.28},
}

@BOOK{Su2013,
  author = {Hai-Jun Su},
  title = {Mobility Analysis and Type Synthesis with Screw Theory: From Rigid Body Linkages to Compliant Mechanisms},
  publisher = {Springer},
  year = {2013},
  owner = {jackmaster},
  timestamp = {2014.04.28},
}

@ARTICLE{Sun2013,
  author = {Sun, Yu and Yang Yang and Pu, Huayan},
  title = {Towards stable and efficient legged race-walking of an e{P}addle-based robot},
  year = {2013},
  journal = {Mecatronics},
  owner = {jackmaster},
  timestamp = {2014.04.28},
}

@ARTICLE{Treesatayapun2014,
  author = {Treesatayapun, Chidentree},
  title = {Adaptive control based on {I}{F}-{T}{H}{E}{N} rules for grasping force regulation with unknown contact mechanism},
  year = {2014},  
  journal = {Robotics and Computer-Integrated Manufacturing},
  owner = {jackmaster},
  timestamp = {2014.04.28},
}

@ARTICLE{Vanegas-Acosts2013,
  author = {Vanegas-Acosta, J.C. and Garzon-Alvarado D.A.},
  title = {Biological modelling and coomputational implementation using the finite elements method},
  year = {2013},
  journal = {Computer applied mathematics},
  owner = {jackmaster},
  timestamp = {2014.04.28},
}

@ARTICLE{Wang2013,
  author = {Wang, Liyang and Liu, Zhi and Chen, C.L. Philip and Zhang, Yun and Lee, Sukhan and Chen, Xin},
  title = {Fuzzy {S}{V}{M} learning control system considering time properties of biped walking samples},
  year = {2013},
  journal = {Engineering Application of Artificial Intelligence},
  owner = {jackmaster},
  timestamp = {2014.04.28},
}

@INPROCEEDINGS{Wang2011,
  author = {Yan Wang},
  title = {The distributed control system of a fruit and vegetable picking robot based on {C}{A}{N} bus},
  year = {2011},
  booktitle = {2011 IEEE International Conference on Electrical and Control Engineering (ICECE) },
  owner = {jackmaster},
  timestamp = {2014.04.28},
}

@ARTICLE{Wu2013,
  author = {Wu, Baoyua and Wang, Zengfu and Luo, Jianfei and Wu, Zhongcheng},
  title = {Perception of effective contact area distribution for humanoid robot foot},
  year = {2013},
  journal = {Measurement},
  owner = {jackmaster},
  timestamp = {2014.04.28},
}

@BOOK{Wu2013a,
  author = {Licheng Wu},
  title = {Robotic Hands and Underactuated finger Mechanisms},
  year = {2013},
  publisher = {Springer},
  owner = {jackmaster},
  timestamp = {2014.04.28},
}

@ARTICLE{Wu2014,
  author = {Wu, Xiru and Wang, Yaonan and Dang, Xuanju},
  title = {Robust adaptive sliding-mode control of condenser-cleaning mobile manipulator using fuzzy wavelet neural network},
  year = {2014},
  journal = {Fuzzy sets and Systems},
  owner = {jackmaster},
  timestamp = {2014.04.28},
}

@ARTICLE{Xiang2010,
  author = {Xiang, Yujiang and Arora, Jasbir S. and  Abdel-Malek, Karim },
  title = {Physics-based modeling and simulation of human walking: a review of optimizati\'on-based and other approaches},
  year = {2010},
  journal = {Medical and Bioengineering applications},
  owner = {jackmaster},
  timestamp = {2014.04.28},
}

@BOOK{Xin2014,
  author = {Xin Xin},
  title = {Control Desing and Analysis for Underactuated Robotic Systems},
  year = {2014},
  publisher = {Springer},
  owner = {jackmaster},
  timestamp = {2014.04.28},
}

@ARTICLE{Xu2013,
  author = {Xu, Linsen and Mei, Tao and Wei, Xianming and Cao, Kai and Luo, Mingzhou},
  title = {A Bio-inspired Biped Water running robot incorporationg the {W}att-{I} Planar Linkage Mechanism},
  year = {2013},
  journal = {Journal of Bionic Engineering},
  owner = {jackmaster},
  timestamp = {2014.04.28},
}

@ARTICLE{Yuan2014,
  author = {Yuan, Ruyi and Tan, Xiangmin and Fan, Guoliang and Yi, Jianqiang},
  title = {Robust adaptive neural network control for a class of uncertain nonlinear systems with actuator amplitude and rate saturations},
  year = {2014},
  journal = {Neurocomputing},
  owner = {jackmaster},
  timestamp = {2014.04.28},
}

@ARTICLE{Wang2012,
  author = {Wang, Ting and Chevallereau, Christine and Rengifo, Carlos F.},
  title = {Walking and steering control for a 3D biped robot considering ground contact and stability},
  year = {2012},
  journal = {Robotics and Autonomous Systems},
  owner = {jackmaster},
  timestamp = {2014.04.28},
}

@TECHREPORT{Goswami1997,
  author = {Goswami, A and Espian, Bernard and Keramane, Ahmed},
  title = {Limit cycles in a passive compass gait biped and passibity-mimicking control laws},
  year = {1997},
  institution = {INRIA},
  owner = {jackmaster},
  timestamp = {2014.04.28},
}

@TECHREPORT{Goswami1996,
  author = {A Goswami and B Thuilot and B Espiau},
  title = {Compas-like biped robot part i: stability and bifurcation of passive gaits},
  year = {1996},
  institution = {INRIA},
  owner = {jackmaster},
  timestamp = {2014.04.28},
}

@ARTICLE{McGeer1990a,
  author = {T McGeer},
  title = {Passive dynamic walking},
  year = {1990},
  journal = {Internacional Journal of Robotics},
  owner = {jackmaster},
  timestamp = {2014.04.28},
}

@INPROCEEDINGS{McGeer1990b,
  author = {T McGeer},
  title = {Passive walking with knees},
  year = {1990},
  owner = {jackmaster},
  booktitle = {IEEE international conference on robotics and automation},
  timestamp = {2014.04.28},
}

@ARTICLE{Vukobratovic2004,
  author = {M Vukobratovic and B Borovac},
  title = {Zero-moment-point: {T}hirty five years of its life},
  year = {2004},
  journal = {International Journal of Humanoid Robotics},
  owner = {jackmaster},
  timestamp = {2014.04.28},
}

@ARTICLE{Vukobratovic2003,
  author = {M Vukobratovic},
  title = {Survey of intelligent control techniques for humanoid robots},
  year = {2003},
  journal = {Journal of Intelligent and Robotic Systems},
  owner = {jackmaster},
  timestamp = {2014.04.28},
}

@ARTICLE{Vukobratovic2004b,
  author = {M Vukobratovic},
  title = {Human and humanoid dynamics},
  year = {2004},
  journal = {Journal of Intelligent and Robotic Systems},
  owner = {jackmaster},
  timestamp = {2014.04.28},
}

@ARTICLE{Westervelt2001,
  author = {Westervelt},
  title = {Hybrid zero dynamics of planar biped walkers},
  year = {2001},
  journal = {IEEE TRANS. on Automatic Control},
  owner = {jackmaster},
  timestamp = {2014.04.28},
}

@BOOK{Westervelt2007,
  author = {Westervelt and Grizzle and Chevallereau},
  title = {Feedback Control of Dynamic Bipedal Robot Locomotion},
  year = {2007},
  publisher = {CRC Press},
  owner = {jackmaster},
  timestamp = {2014.04.28},
}

@ARTICLE{Kar2003,
  author = {Kar, D.C.},
  title = {Design of statically stable walking robot: a review},
  year = {2003},
  journal = {Journal of Robotic Systems},
  owner = {jackmaster},
  timestamp = {2014.04.28},
}

@PHDTHESIS{Gregg2010,
  author = {Gregg IV, Robert de Moss},
  title = {Geometric control and motion planning for threee-dimensional bipedal locomotion},
  year = {2010},
  school = {Electrical and Computer Engineering University of Illinois},
  owner = {jackmaster},
  timestamp = {2014.04.28},
}

@INPROCEEDINGS{Lens2011,
  author = {Lens},
  title = {Simulation of Dynamics and Realistic Contact Forces for Manipulators and Legged Robots with High Joint Elasticity},
  year = {2011},
  booktitle = {2011 International conference on Advanced Robotics},
  owner = {jackmaster},
  timestamp = {2014.04.28},
}

@PROCEEDINGS{RB2009,
  organization = {IEEE},
  title = {2009 {I}{E}{E}{E} International Conference on Robotics and Biomimetics},
  year = {2009},
  owner = {jackmaster},
  timestamp = {2014.04.28},
}

@INBOOK{Braunl2008,
  author = {Thomas Braunl},
  title = {Embedded Robotics: Mobile robot design and applications with embedded systems},
  year = {2008},
  publisher = {Springer},
  chapter = {11},
  owner = {jackmaster},
  timestamp = {2014.04.28},
}

@INPROCEEDINGS{Geyer2006,
  author = {Geyer, H. and Seyfarth, A. and and Blickhan, R.},
  title = {Comliant leg behaviour explains basic dynamics of walking and running},
  year = {2006},
  booktitle = {Proceedings of the Royal Society B: Biological Sciences},
  owner = {jackmaster},
  timestamp = {2014.04.28},
}

@MASTERSTHESIS{Rosas-Jimenez2011,
  author = {Rosas Jimenez, Nelson Felipe},
  title = {Dise\~no e implementaci\'on de un sistema embebido para adquisici\'on de senales bio-m\'edicas a traves de la red celular},
  year = {2011},
  school = {Ingenieria el\'ectrica y electr\'onica Universidad Nacional de Colombia},
  owner = {jackmaster},
  timestamp = {2014.04.28},
}

@INPROCEEDINGS{Castillo2007,
  author = {Castillo-Leon, J.A. and Ramirez-Rodriguez, D.A. and Sofrony, Jorge},
  title = {Optimizaci\'on Morfol\'ogica de una plataforma {S}tewart-{G}ough 6{U}{P}{S} utilizando algoritmos gen\'eticos},
  year = {2007},
  booktitle = {Cuarto Seminario de Ingenier\'ia Biomedica Universidad de los Andes},
  owner = {jackmaster},
  timestamp = {2014.04.28},
}

@MISC{Castillo2008,
  author = {Castillo-Leon, J.A.},
  title = {{T}{O}{O}{L}{B}{O}{X}{R}{O}{B}{O}{T}{U}{N}: Scripts en MATLAB para el aprendizaje de rob\'otica},
  year = {2008},
  howpublished = {Repositorio en GoogleCode http://code.google.com/p/toolboxrobotun/},
  note = {Librearia para simulaci\'on din\'amica de cadenas cinem\'aticas},
  owner = {jackmaster},
  timestamp = {2014.04.28},
}
 JORGE SOFRONY ESMERAL, DANIEL FERNANDO JIMENEZ TORRES, SIMUNROBOT, Nombre comercial: SIMUNROBOT
@MISC{Castillo2010,
  author = {Jimenez-Torres, D.F. and Castillo-Leon J.A},
  title = {{S}{I}{M}{U}{N}{R}{O}{B}{O}{T}: Simulador {U}{N} de r\'obotica},
  year = {2008},
  howpublished = {Repositorio en GoogleCode http://code.google.com/p/simunrobot/},
  note = {Software de Simulaci\'on de cinem\'aticas y din\'amicas de platafomas rob\'oticas desarrollado en C/C++, OpenGL y Qt},
  owner = {jackmaster},
  timestamp = {2014.04.28},
}

@UNPUBLISHED{Cortes2009,
  author = {Cortes-Ropero, H.A.},
  title = {An\'alisis cinem\'atico de una estructura rob\'otica paralela planar 3RRR},
  year = {2009},
  note = {Trabajo de Grado No.TIM119. Escuela Colombiana de Carreras Industriales. Director: J.A. Castillo Le\'on},
  owner = {jackmaster},
  timestamp = {2014.04.28},
}

@UNPUBLISHED{Valencia2009,
  author = {Valencia, Freddy and Beltran, Carlos},
  title = {Articulaciones y estructuras rob\'oticas intercambiables},
  year = {2009},
  note = {Trabajo de Grado No.TMI101. Escuela Colombiana de Carreras Industriales. Director: J.A. Castillo Le\'on},
  owner = {jackmaster},
  timestamp = {2014.04.28},
}

@UNPUBLISHED{Barragan2009,
  author = {Barragan Vega, Juan Carlos},
  title = {Dise\~no y elaboraci\'on de piezas modulares (eslabones y articulaciones) para una cadena cinem\'atica},
  year = {2009},
  note = {Trabajo de Grado No.TMI107. Escuela Colombiana de Carreras Industriales. Director: J.A. Castillo Le\'on},
  owner = {jackmaster},
  timestamp = {2014.04.28},
}

@UNPUBLISHED{Silva2009,
  author = {Silva, Pablo Emilio},
  title = {An\'alisis del mecanismo h\'ibrido {M}{O}{T}{O}{M}{A}{N}},
  year = {2009},
  note = {Trabajo de Grado No.TMI100. Escuela Colombiana de Carreras Industriales. Director: J.A. Castillo Le\'on},
  owner = {jackmaster},
  timestamp = {2014.04.28},
}
